
@case{rta1979,partya =  {Re Residential Tenancies Act, 1979},caseyear =  {1981},courtname =  {CanLII},casenumber =  {24},pagination =  {atparagraph},reportyear =  {1981},reportvolume =  {1},volyearneeded =  {true},reportseries =  {SCR},reportpage =  {714},mncurl =  {https://www.canlii.org/en/ca/scc/doc/1981/1981canlii24/1981canlii24.html},}
@case{ccpref,partya =  {Reference re Code of Civil Procedure (Que.), art. 35},caseyear =  {2021},courtname =  {SCC},casenumber =  {27},pagination =  {atparagraph},url =  {https://canlii.ca/t/jgnxz},linkname =  {CanLII},}
@case{edwardsa,partya =  {Edwards},partyb =  {Attorney‑General for Canada},caseshortname =  {Edwards},caseyear =  {1929},courtname =  {CanLII},casenumber =  {438 (UK JCPC)},reportyear =  {1930},reportseries =  {AC},reportpage =  {134},mncurl =  {https://www.canlii.org/en/ca/ukjcpc/doc/1929/1929canlii438/1929canlii438.html},note =  {PC},casenickname =  {Persons},}
@case{rta1996,partya =  {Reference re Amendments to the Residential Tenancies Act (N.S.)},caseshortname =  {Residential Tenancies Act (1996)},caseyear =  {1996},courtname =  {CanLII},casenumber =  {259},pagination =  {atparagraph},reportyear =  {1996},reportvolume =  {1},volyearneeded =  {true},reportseries =  {SCR},reportpage =  {186},mncurl =  {https://www.canlii.org/en/ca/scc/doc/1996/1996canlii259/1996canlii259.html},}

@case{hmb,partya = {H.M.B. Holdings Ltd.},partyb = {Antigua and Barbuda},caseyear = {2021},courtname = {SCC},casenumber = {44},linkname = {CanLII},url = {https://www.canlii.org/en/ca/scc/doc/2021/2021scc44/2021scc44.html},pagination = {atparagraph},}

@case{hmb2,partya = {H.M.B. Holdings Ltd.\@},partyb = {Antigua and Barbuda},caseyear = {2021},courtname = {SCC},casenumber = {44},linkname = {CanLII},url = {https://www.canlii.org/en/ca/scc/doc/2021/2021scc44/2021scc44.html},pagination = {atparagraph},}


@case{bata,partya =  {British American Tobacco Australia Ltd},partyb =  {Western Australia},caseshortname =  {BATA},caseyear =  {2003},courtname =  {HCA},casenumber =  {47},pagination =  {onlyat},reportyear =  {2003},reportvolume =  {217},reportseries =  {CLR},reportpage =  {30},mncurl =  {http://www.austlii.edu.au/cgi-bin/viewdoc/au/cases/cth/HCA/2003/47.html},}

@case{bivens,partya =  {Bivens},partyb =  {Six Unknown Named Agents of Federal Bureau of Narcotics},caseshortname =  {Bivens},caseyear =  {1971},courtname =  {USSC},casenumber =  {133},reportyear =  {1971},reportvolume =  {403},reportseries =  {US},reportpage =  {388},mncurl =  {http://www.worldlii.org/us/cases/federal/USSC/1971/133.html},}

@case{ajl20,partya =  {Commonwealth of Australia},partyb =  {AJL20},caseshortname =  {AJL20},caseyear =  {2021},courtname =  {HCA},casenumber =  {21},pagination =  {atparagraph},url =  {http://www.austlii.edu.au/cgi-bin/viewdoc/au/cases/cth/HCA//2021/21.html},linkname =  {AustLII},}

@statute{maanulth,title =  {Maanulth First Nations Final Agreement Act},citeref =  {canleg},svjy =  {SC 2009},chapter =  {18},url =  {https://canlii.ca/t/l292},linkname =  {CanLII},}

@ljarticle{kleefeld,author =  {John C Kleefeld},title =  {Book Review - OSCOLA, the Oxford Standard for Citation of Legal Authorities},mncyear =  {2013},mncname =  {CanLIIDocs},mncnumber =  {760},date =  {2013},volume =  {13},number =  {1},journaltitle =  {Dalhousie Law Journal},pages =  {269},url =  {https://canlii.ca/t/t0zv},shortname =  {Kleefeld},}

@case{collins,partya =  {R},partyb =  {Collins},caseyear =  {1987},courtname =  {CanLII},casenumber =  {84},pagination =  {atparagraph},reportyear =  {1987},reportvolume =  {1},volyearneeded =  {true},reportseries =  {SCR},reportpage =  {265},url =  {https://decisions.scc-csc.ca/scc-csc/scc-csc/en/item/201/index.do},linkname =  {SCC site},mncurl =  {https://canlii.ca/t/1ftnd},}

@case{admiralty,partya =  {Admiralty Action In Rem},partyb =  {M/V Atchafalaya (Ship)},caseyear =  {2009},courtname =  {FC},casenumber =  {273},pagination =  {atparagraph},url =  {https://canlii.ca/t/232t3},linkname =  {CanLII},shipname =  {Atchafalaya},}


@book{lrcns,author =  {{Law Reform Commission of Nova Scotia}},title =  {The Rule Against Perpetuities},subtitle =  {Final Report},date =  {2017},keywords={lawbook},}

@case{norfolk,partya =  {Duke of Norfolk},partyb =  {Howard},}
@case{norfolkcc,reportyear =  {1682},reportvolume =  {3},reportseries =  {Ch Cas},reportpage =  {1},crossref =  {norfolk},}
@case{norfolker,reportvolume =  {22},reportseries =  {ER},reportpage =  {931},crossref =  {norfolk},}


@book{waters,author =  {Donovan W M Waters},title =  {Waters' Law of Trusts in Canada},publisher =  {Thomson Carswell},date =  {2005},keywords={lawbook},}

@statute{reci,title =  {Canada and United Kingdom Reciprocal Recognition and Enforcement of Judgments Act},citeref =  {canleg},svjy =  {RSNS 1989},chapter =  {52},}
@statute{dfns,title =  {Dairy Farmers of Nova Scotia By-laws},citeref =  {nsreg},year =  {2007},regnum =  {366},}
@statute{garage,title =  {Garage Keepers Lien Act},citeref =  {canleg},svjy =  {RSNWT 1988},chapter =  {G-1},}
@statute{hamlet,title =  {Hamlet Debt Regulations},citeref =  {nwtreg},year =  {2005},regnum =  {071},}


@statute{tbgho,title =  {Thunder Bay Grain Handling Operations Act},citeref =  {canleg},svjy =  {SC 1991},chapter =  {31},}

@statute{tcca,title =  {Tax Court of Canada Act},citeref =  {canleg},svjy =  {RSC 1985},chapter =  {T-2},}

@statute{fisc,title =  {Fabricated Industrial Steel Components Anti-dumping and Countervailing Duty Remission Order},citeref =  {sorreg},year =  {2019},regnum =  {297},}

@case{trans,partya =  {Tsleil-Waututh Nation},partyb =  {Canada (Attorney General)},caseshortname =  {Trans},caseyear =  {2018},courtname =  {FCA},casenumber =  {153},pagination =  {atparagraph},reportyear =  {2019},reportvolume =  {2},volyearneeded =  {true},reportseries =  {FCR},reportpage =  {3},url =  {https://canlii.ca/t/htq8p},linkname =  {CanLII},mncurl =  {https://decisions.fca-caf.gc.ca/fca-caf/decisions/en/item/343511/index.do},casenickname =  {the Trans Mountain},}

@case{seidel ,partya =  {Seidel },partyb =  {Seidel },caseshortname =  {Seidel },caseyear =  {2021},courtname =  {SKCA},casenumber =  {92},pagination =  {atparagraph},url =  {https://canlii.ca/t/jgl4w},linkname =  {CanLII},note =  {with note},}
@case{whincup,partya =  {R},partyb =  {Whincup},caseshortname =  {Whincup},caseyear =  {2021},courtname =  {MBCA},casenumber =  {64},pagination =  {atparagraph},url =  {https://canlii.ca/t/jgjsc},linkname =  {CanLII},note =  {with note},}
@case{smeltzer,partya =  {R},partyb =  {Smeltzer},caseshortname =  {Smeltzer},caseyear =  {2021},courtname =  {ONCA},casenumber =  {472},pagination =  {atparagraph},url =  {https://canlii.ca/t/jgl9v},linkname =  {CanLII},note =  {a s8 Charter case},}
@case{industrie,partya =  {Comité paritaire de l'industrie de l'automobile des régions de Lanaudière-Laurentides},partyb =  {9308-0588 Québec inc},caseshortname =  {l'industrie de l'automobile},caseyear =  {2021},courtname =  {QCCA},casenumber =  {1048},pagination =  {atparagraph},url =  {https://canlii.ca/t/jgknn},linkname =  {CanLII},partysep =  {c},}
@case{beck,partya =  {Beck},partyb =  {R},caseshortname =  {Beck},caseyear =  {2021},courtname =  {NBCA},casenumber =  {33},pagination =  {atparagraph},url =  {https://canlii.ca/t/jglbm},linkname =  {CanLII},partysep =  {c},}
@case{gardner,partya =  {R},partyb =  {Gardner and Fraser},caseshortname =  {Gardner and Fraser},caseyear =  {2021},courtname =  {NSCA},casenumber =  {52},pagination =  {atparagraph},url =  {https://canlii.ca/t/jgkvk},linkname =  {CanLII},casenickname =  {the death in custody},}
@case{mcneil,partya =  {McNeil},partyb =  {WCAT (PEI)},caseshortname =  {McNeil},caseyear =  {2021},courtname =  {PECA},casenumber =  {9},pagination =  {atparagraph},url =  {https://canlii.ca/t/jfzrm},linkname =  {CanLII},note =  {with note},}
@case{austin,partya =  {Austin},partyb =  {Dunne},caseshortname =  {Austin},caseyear =  {2021},courtname =  {NLCA},casenumber =  {38},pagination =  {atparagraph},url =  {https://canlii.ca/t/jglbj},linkname =  {CanLII},}
@case{scc,partya =  {R},partyb =  {SCC},caseshortname =  {the assistance of counsel case},caseyear =  {2021},courtname =  {YKCA},casenumber =  {4},pagination =  {atparagraph},url =  {https://canlii.ca/t/jf4ff},linkname =  {CanLII},}
@case{mubili,partya =  {Mubili},partyb =  {Northwest Territories (Administrator, Maintenance Enforcement)},caseshortname =  {the maintenance case},caseyear =  {2021},courtname =  {NWTCA},casenumber =  {5},pagination =  {atparagraph},url =  {https://canlii.ca/t/jfpfv},linkname =  {CanLII},}
@case{cd,partya =  {R},partyb =  {CD},caseshortname =  {CD},caseyear =  {2021},courtname =  {NUCA},casenumber =  {10},pagination =  {atparagraph},url =  {https://canlii.ca/t/jg8mx},linkname =  {CanLII},}



@case{peters,partya =  {Peters},partyb =  {Atchooay},caseshortname =  {Peters},caseyear =  {2021},courtname =  {ABCA},casenumber =  {237},pagination =  {atparagraph},url =  {https://canlii.ca/t/jgl9t},linkname =  {CanLII},}

@case{eisler,partya =  {Eisler Estate},partyb =  {GWR Resources Inc},caseshortname =  {Eisler},caseyear =  {2021},courtname =  {BCCA},casenumber =  {247},pagination =  {atparagraph},url =  {https://canlii.ca/t/jgkjt},linkname =  {CanLII},}


@case{chouhan,partya =  {R},partyb =  {Chouhan},caseshortname =  {Chouhan},caseyear =  {2021},courtname =  {SCC},casenumber =  {26},pagination =  {atparagraph},url =  {https://canlii.ca/t/jgkzb},linkname =  {CanLII},}

