@case{sc1,partya = {Ippolito},partyb = {Cesco},caseyear = {2020},courtname = {NSWSC},casenumber = {561},}
@case{sc2,partya = {R},partyb = {Munshizada, Danishyar and Baines},caseyear = {2020},courtname = {NSWSC},casenumber = {566},}
@case{sc3,partya = {Hu},partyb = {Blue Whale Entertainment Pty Ltd},caseyear = {2020},courtname = {NSWSC},casenumber = {562},}
@case{sc4,partya = {The Trust Company (PTAL) Limited},partyb = {Samuel M Holdings Pty Ltd},caseyear = {2020},courtname = {NSWSC},casenumber = {556},}
@case{sc5,partya = {Carrafa},partyb = {Asfar},caseyear = {2020},courtname = {NSWSC},casenumber = {530},}
@case{sc6,partya = {Flowers},partyb = {State of New South Wales},caseyear = {2020},courtname = {NSWSC},casenumber = {526},}
@case{sc7,partya = {Steven Binetter as the representative of the Estate of the Late Ida Wolff},partyb = {Ronald Binetter},caseyear = {2020},courtname = {NSWSC},casenumber = {552},}
@case{sc8,partya = {Strata Plan 87060},partyb = {Loulach Developments Pty Ltd},caseyear = {2020},courtname = {NSWSC},casenumber = {550},}
@case{sc9,partya = {R},partyb = {Tangi (No 12)},caseyear = {2020},courtname = {NSWSC},casenumber = {547},}
@case{sc10,partya = {International Management Group of America Pty Ltd},partyb = {Media Niugini Ltd t/as EMTV},caseyear = {2020},courtname = {NSWSC},casenumber = {559},}


@statute{hba,
statutetitle = {Home Building Act},
statutejurisdiction = {NSW},
statutetitleyear = {1989},%for the title
}


