@article{sc12,
title = {Kay v KRM (Vic) Pty Ltd; Classic Bet (NSW) Pty Ltd v Kay},
number = {[2020] NSWCA 92},
keywords={legal,case},
}


@article{hba,
title = {Home Building Act 1989},
location = {NSW},
keywords={legal,statute},
}

