@jurisdiction{sc12,
title = {Kay v KRM (Vic) Pty Ltd; Classic Bet (NSW) Pty Ltd v Kay},
number = {[2020] NSWCA 92},
keywords={legal,case},
}

@jurisdiction{bcisp,
title = {Building and Construction Industry Security of Payment Act 1999},
location = {NSW},
keywords={legal,statute},
}

@jurisdiction{hba,
title = {Home Building Act 1989},
location = {NSW},
keywords={legal,statute},
}

