@case{sc12,
%sortkey={},
partya = {Kay},partyb = {KRM (Vic) Pty Ltd; Classic Bet (NSW) Pty Ltd v Kay},caseyear = {2020},courtname = {NSWCA},casenumber = {92},}

@statute{hba,
%sortkey={},
statutetitle = {Home Building Act},
statutejurisdiction = {NSW},
statutetitleyear = {1989},
}

@statute{bcisp,
%sortkey={},
statutetitle = {Building and Construction Industry Security of Payment Act},
statutetitleyear = {1999},
statutejurisdiction = {NSW},
}

@case{sc16,
%sortkey={},
partya = {Foundas},partyb = {Arambatzis (No 3)},caseyear = {2020},courtname = {NSWCA},casenumber = {87},}

