

@xdata{cup, publisher =  {Cambridge University Press},            }

@quote{q5, quotetext =  {The analogy between the process of the legal trial and the techniques and concerns of the English novel has often been remarked upon}, crossref =  {litlaw},    options={skipbib=true},}

@quote{q9, quotetext =  { In this appeal, the Court is called upon to answer the age-old question:  If a tree falls in the forest and you are not around to replant it, how does it affect your taxes? }, crossref =  {dmi},    options={skipbib=true},}

@quote{q10, quotetext =  {We are entitled to assume that lawyers have not only some general background in law, but that they have some general background in obtaining information from electronic data bases and are using appropriate means to acquire that information.}, crossref =  {kelly},    options={skipbib=true},}

@quote{q11, quotetext =  {Sitting judges swear an oath that they will decide cases on the law and the evidence themselves, not blindly accept the say-so of others or abdicate the decision to others. As well, for many other reasons, retired judges’ opinions do not have as much influence on sitting judges as some might suppose.}, crossref =  {coldwater},    options={skipbib=true},}

@quote{q12, quotetext =  {Admissible evidence that is given no weight is just as useless as inadmissible evidence.}, crossref =  {coldwater},    options={skipbib=true},}

@quote{q13, quotetext =  {What lens does this Court now apply to the hearing judge’s reviews?}, crossref =  {colchester},    options={skipbib=true},}

@quote{q14, quotetext =  {We have been building an impressive structure brick by brick for many years, but without any apparent overall design, and we have not stepped back to examine the coherence of the net result.}, crossref =  {ryder},    options={skipbib=true},}


@case{casetest,
attribution = {attribution},
casename = {casename},
casenickname = {casenickname},
casenumber = {casenumber},
caseshortname = {caseshortname},
casestatus = {casestatus},
caseyear = {caseyear},
courtcasenumber = {courtcasenumber},
courtdivision = {courtdivision},
courtfullname = {courtfullname},
courtjurisdiction = {courtjurisdiction},
courtlist = {courtlist},
courtname = {courtname},
decisionyear = {decisionyear},
icaseyear = {icaseyear},
linkname = {linkname},
mncurl = {mncurl},
note = {note},
parallel = {parallel},
partya = {partya},
partyajur = {partyajur},
partyasn = {partyasn},
partyb = {partyb},
partybjur = {partybjur},
partybsn = {partybsn},
partysep = {partysep},
partysepx = {partysepx},
reportpage = {reportpage},
reportseries = {reportseries},
reportvolume = {reportvolume},
reportyear = {reportyear},
shipname = {shipname},
url = {www.dummy.com},
volyearneeded = {true},
}

@case{casetestb,
attribution = {attribution},
casename = {casename},
casenickname = {casenickname},
casenumber = {casenumber},
caseshortname = {caseshortname},
casestatus = {casestatus},
caseyear = {caseyear},
courtcasenumber = {courtcasenumber},
courtdivision = {courtdivision},
courtfullname = {courtfullname},
courtjurisdiction = {courtjurisdiction},
courtlist = {courtlist},
courtname = {courtname},
decisionyear = {decisionyear},
icaseyear = {icaseyear},
linkname = {linkname},
mncurl = {mncurl},
note = {note},
parallel = {parallel},
partya = {partya},
partyajur = {partyajur},
partyasn = {partyasn},
partyb = {partyb},
partybjur = {partybjur},
partybsn = {partybsn},
partysep = {partysep},
partysepx = {partysepx},
reportpage = {reportpage},
reportseries = {reportseries},
reportvolume = {reportvolume},
reportyear = {reportyear},
%shipname = {shipname},
url = {www.dummy.com},
volyearneeded = {true},
}

@case{casetestc,
attribution = {attribution},
casename = {casename},
casenickname = {casenickname},
casenumber = {casenumber},
caseshortname = {caseshortname},
casestatus = {casestatus},
caseyear = {caseyear},
courtcasenumber = {courtcasenumber},
courtdivision = {courtdivision},
courtfullname = {courtfullname},
courtjurisdiction = {courtjurisdiction},
courtlist = {courtlist},
courtname = {courtname},
decisionyear = {decisionyear},
icaseyear = {icaseyear},
linkname = {linkname},
mncurl = {mncurl},
note = {note},
parallel = {parallel},
partya = {partya},
%partyajur = {partyajur},
%partyasn = {partyasn},
partyb = {partyb},
%partybjur = {partybjur},
%partybsn = {partybsn},
partysep = {partysep},
%partysepx = {partysepx},
reportpage = {reportpage},
reportseries = {reportseries},
reportvolume = {reportvolume},
reportyear = {reportyear},
%shipname = {shipname},
url = {www.dummy.com},
volyearneeded = {true},
}

@statute{statutetest,
chapter = {chapter},
citeref = {canleg},%
fulldate = {fulldate},
gazette = {gazette},
linkname = {linkname},
mncurl = {mncurl},
regnum = {regnum},
statutechapter = {statutechapter},
statutejurisdiction = {statutejurisdiction},
statutelongtitle = {statutelongtitle},
statutenickname = {statutenickname},
statuteregnalyear = {statuteregnalyear},
statuteshorttitle = {statuteshorttitle},
statutetitle = {statutetitle},
statutetitleyear = {statutetitleyear},
statutevolume = {statutevolume},
statuteyear = {statuteyear},
svjy = {svjy},
title = {title},
url = {www.dummy.com},
year = {year},
}

@ljarticle{ljarticletest,
author = {author},
date = {2021},
journaltitle = {journaltitle},
keywords = {keywords},
mncname = {mncname},
mncnumber = {mncnumber},
mncyear = {mncyear},
note = {note},
pages = {pages},
shortname = {shortname},
title = {title},
volume = {volume},
}

@ljarticle{ryder, author =  {Bruce Ryder}, title =  {The Past and Future of Canadian Generalist Law Journals},  mncyear =  {2001}, mncname =  {CanLIIDocs}, mncnumber =  {128}, date =  {2001}, volume =  {39}, number =  {3}, journaltitle =  {Alberta Law Review}, pages =  {625}, url =  {https://canlii.ca/t/2dd2}, shortname =  {Ryder},  }

@statute{ppi, title =  {Act respecting Access to documents held by public bodies and the Protection of personal information}, citeref =  {canleg}, svjy =  {CQLR}, chapter =  {A-2.1},           }


@case{colchester, partya =  {Colchester County (Municipality)}, partyb =  {Colchester Containers Limited}, caseshortname =  {Colchester}, caseyear =  {2021}, courtname =  {NSCA}, casenumber =  {53}, pagination =  {atparagraph},      url =  {https://canlii.ca/t/jgkvm}, linkname =  {CanLII},         }



@case{araujo, partya =  {R}, partyb =  {Araujo}, caseshortname =  {Araujo}, caseyear =  {2000}, courtname =  {SCC}, casenumber =  {65}, pagination =  {atparagraph}, reportyear =  {2000}, reportvolume =  {2},  reportseries =  {SCR}, reportpage =  {992}, url =  {https://canlii.ca/t/5231}, linkname =  {CanLII},  mncurl =  {https://decisions.scc-csc.ca/scc-csc/scc-csc/en/item/1830/index.do},     volyearneeded =  {true},     }

@case{coldwater, partya =  {Coldwater First Nation}, partyb =  {Canada (Attorney General)}, caseshortname =  {Coldwater First Nation}, caseyear =  {2019}, courtname =  {FCA}, casenumber =  {292}, pagination =  {atparagraph},      url =  {https://canlii.ca/t/j3mj2}, linkname =  {CanLII}, mncurl =  {https://decisions.fca-caf.gc.ca/fca-caf/decisions/en/453414/1/document.do},        }


@case{atkinson, partya =  {Atkinson}, partyb =  {McGregor (3)}, caseshortname =  {Atkinson}, caseyear =  {1998}, courtname =  {ABQB}, casenumber =  {629},  reportyear =  {1998}, reportvolume =  {66},  reportseries =  {Alta LR (3rd)}, reportpage =  {289}, url =  {https://canlii.ca/t/5q4d}, linkname =  {CanLII},pagination =  {atparagraph},}


@case{kelly, partya =  {Kelly}, partyb =  {Lundgard}, caseshortname =  {Kelly Costs Memorandum},               casestatus =  {unreported, Memorandum as to costs for computer charges, 1997}, courtfullname =  {Alberta Court of Queen's Bench}, attribution =  {Veit J},   }

@book{litlaw, author =  {Kieran Dolin},  title =  {Fiction and the Law}, subtitle =  {Legal Discourse in Victorian and Modernist Literature},   date =  {1999}, isbn =  {9780521623322},   xdata =  {cup},  }

@case{dmi, partya =  {Daishowa‑Marubeni International Ltd}, partyb =  {Canada}, caseshortname =  {DMI}, caseyear =  {2013}, courtname =  {SCC}, casenumber =  {29}, pagination =  {atparagraph}, reportyear =  {2013}, reportvolume =  {2}, volyearneeded =  {true}, reportseries =  {SCR}, reportpage =  {336}, url =  {https://canlii.ca/t/fxk76}, linkname =  {CanLII}, mncurl =  {https://decisions.scc-csc.ca/scc-csc/scc-csc/en/item/13071/index.do},     }


@case{clark, partya =  {Ontario (Attorney General)}, partyb =  {Clark}, caseshortname =  {Clark}, caseyear =  {2021}, courtname =  {SCC}, casenumber =  {18}, pagination =  {atparagraph},      url =  {https://canlii.ca/t/jfnmp}, linkname =  {CanLII}, mncurl =  {https://decisions.scc-csc.ca/scc-csc/scc-csc/en/item/18855/index.do},     }
@case{sherman, partya =  {Sherman Estate}, partyb =  {Donovan}, caseshortname =  {Sherman}, caseyear =  {2021}, courtname =  {SCC}, casenumber =  {25}, pagination =  {atparagraph},      url =  {https://canlii.ca/t/jgc4w}, linkname =  {CanLII}, mncurl =  {https://decisions.scc-csc.ca/scc-csc/scc-csc/en/item/18914/index.do},     }


@case{mckay, partya =  {McKay}, partyb =  {The Queen}, caseshortname =  {McKay},     reportyear =  {1965},   reportseries =  {SCR}, reportpage =  {798}, url =  {https://canlii.ca/t/1nlkt}, linkname =  {CanLII},      }
@case{opseu, partya =  {Ontario (Attorney General)}, partyb =  {OPSEU}, caseshortname =  {OPSEU},     reportyear =  {1987}, reportvolume =  {2}, volyearneeded =  {true}, reportseries =  {SCR}, reportpage =  {2}, url =  {https://canlii.ca/t/1ftn6}, linkname =  {CanLII},      }


@case{mnr, partya =  {Minister of National Revenue}, partyb =  {Coopers and Lybrand}, caseshortname =  {MNR},     reportyear =  {1979}, reportvolume =  {1}, volyearneeded =  {true}, reportseries =  {SCR}, reportpage =  {495}, url =  {https://canlii.ca/t/1mkt6}, linkname =  {CanLII},      }
@case{randolph, partya =  {R}, partyb =  {Randolph}, caseshortname =  {Randolph},     reportyear =  {1966},   reportseries =  {SCR}, reportpage =  {260}, url =  {https://canlii.ca/t/227qn}, linkname =  {CanLII},      }


@case{hunter, partya =  {Hunter}, partyb =  {Southam Inc}, caseshortname =  {Hunter},     reportyear =  {1984}, reportvolume =  {2}, volyearneeded =  {true}, reportseries =  {SCR}, reportpage =  {145}, url =  {https://canlii.ca/t/1mgc1}, linkname =  {CanLII},      }
@case{edwards, partya =  {Edwards}, partyb =  {Canada (Attorney General)}, caseshortname =  {Edwards},     reportyear =  {1930},   reportseries =  {AC}, reportpage =  {124}, url =  {https://canlii.ca/t/gbvs4}, linkname =  {CanLII},  parallel =  { [1930] 1 DLR 98 and [1929] 3 WWR 479 and [1929] All ER Rep 571 and 46 TLR 4},  note =  {PC},  }

@case{buhayca, partya =  {R}, partyb =  {Buhay}, caseshortname =  {Buhay},      reportvolume =  {156},  reportseries =  {ManR (2d)}, reportpage =  {111}, url =  {https://canlii.ca/t/1fkf5}, linkname =  {CanLII},   decisionyear =  {2001}, note =  {MB CA},  }

@case{buhay, partya =  {R}, partyb =  {Buhay}, caseshortname =  {Buhay}, caseyear =  {2003}, courtname =  {SCC}, casenumber =  {30}, pagination =  {atparagraph}, reportyear =  {2003}, reportvolume =  {1}, volyearneeded =  {true}, reportseries =  {SCR}, reportpage =  {631}, url =  {https://canlii.ca/t/1g6p7}, linkname =  {CanLII},    }
@case{buhay2, partya =  {R}, partyb =  {Buhay}, caseshortname =  {Buhay}, caseyear =  {2003}, courtname =  {SCC}, casenumber =  {30}, pagination =  {atparagraph}, reportyear =  {2003}, reportvolume =  {1}, volyearneeded =  {true}, reportseries =  {SCR}, reportpage =  {631}, url =  {https://canlii.ca/t/1g6p7}, linkname =  {CanLII}, mncurl =  {https://decisions.scc-csc.ca/scc-csc/scc-csc/en/item/2062/index.do},   }
@case{buhay3, partya =  {R}, partyb =  {Buhay}, caseshortname =  {Buhay}, caseyear =  {2003}, courtname =  {SCC}, casenumber =  {30}, pagination =  {atparagraph}, reportyear =  {2003}, reportvolume =  {1}, volyearneeded =  {true}, reportseries =  {SCR}, reportpage =  {631}, url =  {https://canlii.ca/t/1g6p7}, linkname =  {CanLII}, mncurl =  {https://decisions.scc-csc.ca/scc-csc/scc-csc/en/item/2062/index.do}, parallel =  {305 NR 158 and 225 DLR (4th) 624 and [2004] 4 WWR 1 and 304 WAC 72 and 177 Man R (2d) 72 and 174 CCC (3d) 97 and 10 CR (6th) 205 and 57 WCB (2d) 206 and 107 CRR (2d) 240 and AZ-50177805 and JE 2003-1124 and [2003] SCJ No 30 (QL) and [2003] ACS no 30 and 122 ACWS (3d) 863},  }


@case{laing, partya =  {R}, partyb =  {Laing}, caseshortname =  {Laing}, caseyear =  {2021}, courtname =  {NLPC}, casenumber =  {320A00358},       url =  {https://canlii.ca/t/jg31p}, linkname =  {CanLII},    }



@case{cole2, partya =  {R}, partyb =  {Cole}, caseshortname =  {Cole}, caseyear =  {2012}, courtname =  {SCC}, casenumber =  {53}, pagination =  {atparagraph}, reportyear =  {2012}, reportvolume =  {3}, volyearneeded =  {TRUE}, reportseries =  {SCR}, reportpage =  {34}, url =  {https://www.canlii.org/en/ca/scc/doc/2012/2012scc53/2012scc53.html}, linkname =  {CanLII},    }
@case{cole3, partya =  {R}, partyb =  {Cole}, caseshortname =  {Cole}, caseyear =  {2012}, courtname =  {SCC}, casenumber =  {53}, pagination =  {atparagraph}, reportyear =  {2012}, reportvolume =  {3}, volyearneeded =  {TRUE}, reportseries =  {SCR}, reportpage =  {34}, url =  {https://www.canlii.org/en/ca/scc/doc/2012/2012scc53/2012scc53.html}, linkname =  {CanLII},  parallel =  {353 DLR (4th) 447 and 436 NR 102 and 297 OAC 1 and [2012] EXP 3703 and 96 CR (6th) 88 and 290 CCC (3d) 247 and 269 CRR (2d) 228 and [2012] EXPT 2118 and DTE 2012T-731 and JE 2012-1986 and [2012] SCJ No 53 (QL) and [2012] ACS no 53},  }

@ljarticle{otis, author =  {Ghislain Otis}, title =  {Les droits ancestraux des peuples autochtones au carrefour du droit public et du droit privé~}, subtitle =  {le cas de l’industrie extractive}, mncyear =  {2019}, mncname =  {CanLIIDocs}, mncnumber =  {4154}, date =  {2019}, volume =  {62}, number =  {2}, journaltitle =  {Les Cahiers de droit}, pages =  {451}, url =  {http://www.canlii.org/t/xkhr}, shortname =  {Otis},  }

@ljarticle{fric, author =  {Agathon Fric}, title =  {Popping the Question}, subtitle =  {What the Questionnaire for Federal Judicial Appointments Reveals about the Pursuit of Justice, Diversity, and the Commitment to Transparency}, mncyear =  {2020}, mncname =  {CanLIIDocs}, mncnumber =  {1656}, date =  {2020}, volume =  {43}, number =  {1}, journaltitle =  {Dalhousie Law Journal}, pages =  {1}, url =  {http://www.canlii.org/t/svcn}, shortname =  {Fric},  }


@ljarticle{callaghan, author =  {Geoffrey D Callaghan}, title =  {Intervenors at the Supreme Court of Canada},  mncyear =  {2020}, mncname =  {CanLIIDocs}, mncnumber =  {544}, date =  {2020}, volume =  {43}, number =  {1}, journaltitle =  {Dalhousie Law Journal}, pages =  {1}, url =  {https://canlii.ca/t/srcl},  shortname =  {Callaghan}, }


@case{davies, partya =  {Davies}, partyb =  {Gertig \lcpara{No 2}}, caseshortname =  {Davies}, reportyear =  {2002}, reportvolume =  {83},  reportseries =  {SASR}, reportpage =  {521},  }
@case{kenman, partya =  {Kenman Kandy Australia Pty Ltd}, partyb =  {Registrar of Trademarks}, caseshortname =  {Kenman}, reportyear =  {2002}, reportvolume =  {122},  reportseries =  {FCR}, reportpage =  {494},  }

@case{spratt, partya =  {Spratt}, partyb =  {Hermes}, caseshortname =  {Spratt}, reportyear =  {1965}, reportvolume =  {114},  reportseries =  {CLR}, reportpage =  {226},  }
@case{capital, partya =  {Capital TV \& Appliances Pty Ltd}, partyb =  {Falconer}, caseshortname =  {Capital TV}, reportyear =  {1971}, reportvolume =  {125},  reportseries =  {CLR}, reportpage =  {591},  }
@case{kruger, partya =  {Kruger}, partyb =  {The Commonwealth}, caseshortname =  {Kruger}, caseyear =  {1977}, courtname =  {HCA}, casenumber =  {27}, pagination =  {onlyat}, reportyear =  {1997}, reportvolume =  {190},  reportseries =  {CLR}, reportpage =  {1},   mncurl =  {http://www.austlii.edu.au/cgi-bin/viewdoc/au/cases/cth/HCA/1997/27.html},           }
@case{bernasconi, partya =  {R}, partyb =  {Bernasconi}, caseshortname =  {Bernasconi}, reportyear =  {1915}, reportvolume =  {19},  reportseries =  {CLR}, reportpage =  {629},  }


@case{bryson,
  partya = {Bryson},
  partyb = {Bryant},
  caseshortname = {Bryson},
%MNC
%  caseyear = {1996},
%  courtname = {ABCA},
%  casenumber = {274},
%  pagination = {atparagraph},
%paper
  reportyear={1992},
  reportvolume = {29},
%  volyearneeded = {true},
  reportseries = {NSWLR},
  reportpage = {188},
 }





@case{baumgartner,
  partya = {Baumgartner},
  partyb = {Baumgartner},
  caseshortname = {Baumgartner},
%MNC
%  caseyear = {1996},
%  courtname = {ABCA},
%  casenumber = {274},
%  pagination = {atparagraph},
%paper
  reportyear={1987},
  reportvolume = {164},
%  volyearneeded = {true},
  reportseries = {CLR},
  reportpage = {137},
 }




@case{muschinski,
  partya = {Muschinski},
  partyb = {Dodds},
  caseshortname = {Muschinski},
%MNC
%  caseyear = {1996},
%  courtname = {ABCA},
%  casenumber = {274},
%  pagination = {atparagraph},
%paper
  reportyear={1985},
  reportvolume = {160},
%  volyearneeded = {true},
  reportseries = {CLR},
  reportpage = {583},
 }


@case{mueller,
  partya = {Mueller \& Co},
  partyb = {Commonwealth},
  caseshortname = {Mueller},
%MNC
%  caseyear = {1996},
%  courtname = {ABCA},
%  casenumber = {274},
%  pagination = {atparagraph},
%paper
  reportyear={2004},
  reportvolume = {109},
%  volyearneeded = {true},
  reportseries = {FCR},
  reportpage = {156},
 }


@case{croome,
  partya = {Croome},
  partyb = {Tasmania},
  caseshortname = {Croome},
%MNC
%  caseyear = {1996},
%  courtname = {ABCA},
%  casenumber = {274},
%  pagination = {atparagraph},
%paper
  reportyear={1997},
  reportvolume = {191},
%  volyearneeded = {true},
  reportseries = {CLR},
  reportpage = {119},
 }



%UAlberta examples:
@statute{ualbertastatute,
citeref = {canleg},
title = {Post-secondary Learning Act},
svjy = {SA 2003},
chapter = {P.19-5},
pagination = {section},
}

@case{ualbertacase,
  partya = {Vriend},
  partyb = {Alberta},
  caseshortname = {Vriend},
%MNC
  caseyear = {1996},
  courtname = {ABCA},
  casenumber = {274},
  pagination = {atparagraph},
%%paper
%  reportyear={2002},
%  reportvolume = {2},
%  volyearneeded = {true},
%  reportseries = {SCR},
%  reportpage = {235},
 }


@case{ualbertacase2,
  partya = {R},
  partyb = {Vader},
  caseshortname = {Vader},
%MNC
  caseyear = {2017},
  courtname = {ABQB},
  casenumber = {48},
  pagination = {atparagraph},
%%paper
  reportyear={2017},
%  reportvolume = {2},
%  volyearneeded = {true},
  reportseries = {CarswellAlta},
  reportpage = {114},
  note = {WL Can},
  keywords = {nobracketssecondref},
}


@case{vader, partya =  {R}, partyb =  {Vader}, caseshortname =  {Vader}, caseyear =  {2019}, courtname =  {ABCA}, casenumber =  {488}, pagination =  {atparagraph}, url =  {https://www.canlii.org/en/ab/abca/doc/2019/2019abca488/2019abca488.html}, linkname =  {CanLII}, mncurl =  {https://albertacourts.ca/docs/default-source/qb/judgments/r-v-vader-2019-abca-488---memorandum-of-judgment.pdf}, }


@book{ualbertabook,
author={Kevin P McGuinness},
title={Canadian Business Corporations Law},
edition = {3},
volume = {1},
publisher={LexisNexis Canada},
location = {Toronto},
date={2017},
keywords = {lawbook},
yoptions = {name,dot,space,title,comma,
space,
edition,
space,
lparen,
location,
colon,
space,
publisher,
comma,
space,
year,
rparen,
space,
volume,
dot},
}



@book{ualbertabookstokes,
author={Simon Stokes},
title={Digital Copyright},
subtitle = {Law and Practice},
edition = {4},
%volume = {1},
publisher={Hart},
location = {Oxford},
date={2014},
note = {Bloomsbury},
keywords = {lawbook},
yoptions = {given-family,
name,
comma,
space,
title,
itcolon,
space,
isubtitle,
comma,
space,
edition,
space,
lparen,
location,
colon,
space,
publisher,
comma,
space,
year,
rparen,
space,
lparen,
note,
rparen},
}




%Dalhousie examples:
@book{dalhousiebook,
author={Frances Ribbeton},
title={Why Toads Make Poor Lawyers},
publisher={Dalhousie Fictional Frog Press},
location = {Halifax},
date={2014},
keywords = {lawbook},
}

@statute{dalhousiestatute,
citeref = {canleg},
title = {Amphibuous Criminal Code},
svjy = {RSC 1985},
chapter = {C-46},
pagination = {section},
}

@case{dalhousiecase,
  partya = {Frog},
  partyb = {Toad},
  caseshortname = {Frog},
%MNC
  caseyear = {2015},
  courtname = {SCC},
  casenumber = {48},
  pagination = {atparagraph},
%%paper
%  reportyear={2002},
%  reportvolume = {2},
%  volyearneeded = {true},
%  reportseries = {SCR},
%  reportpage = {235},
 }

@case{dalhousiecase2,
  partya = {Ribbet},
  partyb = {Flies of Toronto},
  caseshortname = {Ribbet},
%MNC
%  caseyear = {2015},
%  courtname = {SCC},
%  casenumber = {48},
  pagination = {atparagraph},
%paper
  reportyear={1995},
  reportvolume = {2},
  volyearneeded = {true},
  reportseries = {SCR},
  reportpage = {1130},
 }


@ljarticle{dalhousieart,
author = {Charles Toad},
title = {Warty Law},
subtitle = {Toad Law in a Frog's World},
%mncyear = {2019},
%mncname = {CanLIIDocs},
%mncnumber = {4192},
date = {2015},
volume = {76},
journaltitle = {UTLJ},
pages = {288},
}



@jurisdiction{crestonmoly2014,
title = {Creston Moly Corp. v. Sattva Capital Corp.},
shorttitle = {Creston Moly},
number = {2014 SCC 53},
volume = {373},
reporter = {D.L.R.},
series = {4th},
pages = {393},
date = {2014},
pagination = {paragraph},
keywords = {ca},
}

@jurisdiction{housen2002,
title = {Housen v. Nikolaisen},
shorttitle = {Housen},
number = {2002 SCC 33},
volume = {[2002] 2},
reporter = {S.C.R.},
pages = {235},
date = {2002},
pagination = {paragraph},
keywords = {ca},
}

@case{lchousen2002,
  partya = {Housen},
  partyb = {Nikolaisen},
  caseshortname = {Housen},
%MNC
  caseyear = {2002},
  courtname = {SCC},
  casenumber = {33},
  pagination = {atparagraph},
%paper
  reportyear={2002},
  reportvolume = {2},
  volyearneeded = {true},
  reportseries = {SCR},
  reportpage = {235},
 }

@case{lccrestonmoly2014,
  partya = {Creston Moly Corp.\@},
  partyb = {Sattva Capital Corp.},
  caseshortname = {Creston Moly},
%MNC
  caseyear = {2014},
  courtname = {SCC},
  casenumber = {53},
  pagination = {atparagraph},
%paper
  reportyear={2014},
  reportvolume = {373},
%  volyearneeded = {true},
  reportseries = {DLR (4th)},
  reportpage = {393},
 }




@case{keyabc,
  partya = {ABC},
  partyb = {XYZ*},
  caseyear = {2016},
  reportyear={2020},
  reportvolume = {3},
  volyearneeded = {true},
  reportseries = {WLR},
  reportpage = {123},
  courtname = {XYZCA},
  casenumber = {456},
 }

@case{case2,
  partya = {DDA},
  partyb = {MNO*},
  caseyear = {2019},
%  reportvolume = {3},
%  volyearneeded = {true},
%  reportseries = {WLR},
%  reportpage = {123},
  courtname = {HACCA},
  casenumber = {14},
 }
@case{case3,
  partya = {Efg},
  partyb = {Hij*},
  caseyear = {2018},
%  reportvolume = {3},
%  volyearneeded = {true},
%  reportseries = {WLR},
%  reportpage = {123},
  courtname = {VFC},
  casenumber = {1},
 }
@case{case4,
  partya = {Klm},
  partyb = {Nop*},
  caseyear = {2015},
  reportyear={2016},
  reportvolume = {2},
  volyearneeded = {true},
  reportseries = {WLR},
  reportpage = {25},
  courtname = {MBC},
  casenumber = {21},
 }
@case{case5,
  partya = {No MNC A},
  partyb = {No MNC B*},
  reportyear={1757},
  reportvolume = {1},
%  volyearneeded = {true},
  reportseries = {Co},
  reportpage = {25},
 }
@book{book1,
 title={A Title*},
 author={B Auctoritas},
 year={1828},
 publisher={Holmes and Sons},
 }



@case{becher,
  partya = {City of Columbus},
  partyb = {Becher},
%  reportyear={},
  reportvolume = {180},
%  volyearneeded = {true},
  reportseries = {NE 2d},
  reportpage = {836},
  year = {1962},
  note = {Ohio, Zimmerman J},
 }


@case{cassie,
  partya = {Cassie},
  partyb = {Koumans},
  caseshortname = {Cassie},
  caseyear = {2007},
%   reportyear={2016},
%   reportvolume = {2},
%   volyearneeded = {true},
%   reportseries = {WLR},
%   reportpage = {25},
  courtname = {NSWSC},
  casenumber = {481},
 }


@case{becker,
  partya = {City of Marion},
  partyb = {Becker},
  caseshortname = {Becker},
%  caseyear = {2007},
  reportyear={1973},
  reportvolume = {6},
%  volyearneeded = {},
  reportseries = {SASR},
  reportpage = {13},
%  courtname = {NSWSC},
%  casenumber = {481},
 }

%R v Morgan [1970] 3 All ER 1053
@case{rmorgan,
  partya = {R},
  partyb = {Morgan},
  caseshortname = {Morgan},
  reportyear={1970},
  reportvolume = {3},
  volyearneeded = {true},
  reportseries = {All ER},
  reportpage = {1053},
 }


@book{eco,
author={Umberto Eco},
title={Come si fa una tesi di laurea},
subtitle={Le materie umanistiche},
title+an = {How to write a Thesis for an Arts Degree},
publisher={Bompiani},
date={2004},
origdate={1977},
edition={15},
%options={skipbib=true},
%isbn={9788845246310},
}

@book{anncrimnsw,
author={Roderick N Howie and Peter A Johnson},
title={Annotated Criminal Legislation New South Wales},
publisher={LexisNexis Butterworths},
date={2015},
edition={2014-2015},
keywords = {lawbook},
}

@case{columbus,
  partya = {City of Columbus},
  partyashortname = {Columbus},
  partyb = {Becher},
  caseshortname = {Becher},
  icaseyear = {1962},
  jurisdiction = {Ohio},
  courtfullname = {Supreme Court of Ohio},
  note = {Ohio SC, 1962},
 }
@case{columbussr,
  reportvolume = {173},
  reportseries = {Ohio St},
  reportpage = {197},
  crossref = {columbus},
}

@case{columbusne,
  reportvolume = {180},
  reportseries = {NE 2d},
  reportseriesseries = {2d},
  reportpage = {836},
  crossref = {columbus},
}
%%%%%%%%%%%%%

@xdata{xcolumbus,
  partya = {xCity of Columbus},
  partyashortname = {Columbus},
  partyb = {Becher},
  year = {1962},
  jurisdiction = {Ohio},
  courtfullname = {Supreme Court of Ohio},
  note = {Ohio SC, 1962},
 }
 
@case{xcolumbussr,
  reportvolume = {173},
  reportseries = {Ohio St},
  reportpage = {197},
  xdata = {xcolumbus},
}

@case{xcolumbusne,
  reportvolume = {180},
  reportseries = {NE 2d},
  reportseriesseries = {2d},
  reportpage = {836},
  xdata = {xcolumbus},
}


%%%%%%%%%%%%%
@case{thomas,
  partya = {Thomas},
  partyb = {Newton*},
  icaseyear = {1827},
 }

@case{thomascar,
  reportyear = {1827},
  reportvolume = {2},
  reportseries = {Car \& P},
  reportpage = {606},
  crossref = {thomas},
}

@case{thomaser,
  reportvolume = {?},
  reportseries = {ER},
  reportpage = {276},
  crossref = {thomas},
}

@case{thomasermnc,
  caseyear = {1827},
  courtname = {EngRep},
  casenumber = {503},
  crossref = {thomas},
}


@case{gitlow,
  partya = {Gitlow},
  partyb = {New York},%People of New York
  partyashortname = {New York},
  caseshortname = {Gitlow},
  icaseyear = {1925},
  note = {1925},
 }


@case{gitlowus,
  reportvolume = {268},
  reportseries = {US},
  reportpage = {652},
  crossref = {gitlow},
}


@case{gitlowsc,
  reportvolume = {45},
  reportseries = {SCt},
  reportpage = {625},
  crossref = {gitlow},
}

@case{armstrong,
  partya = {Adam Armstrong's Case},
  icaseyear = {1823},
  caseshortname = {Armstrong},
 }

@case{armstrongmnc,
  caseyear = {1823},
  courtname = {EngR},
  casenumber = {1},
  crossref = {armstrong},
}


@case{armstronglewin,
  reportyear = {1823},
  reportvolume = {1},
  reportseries = {Lewin},
  reportpage = {245},
  crossref = {armstrong},
}

@case{armstronger,
  reportvolume = {168},
  reportseries = {ER},
  reportpage = {1028},
  crossref = {armstrong},
}


%Adam Armstrong's Case [1823] EngR 1; (1823) 1 Lewin 245; 168 E.R. 1028 (1 January 1823)


@case{alexander,
  partya = {Alexander},
  partyb = {Brown},
  icaseyear = {1823},
  caseshortname = {Alexander},
 }

@case{alexandermnc,
  caseyear = {1823},
  courtname = {EngR},
  casenumber = {5},
  crossref = {alexander},
}


@case{alexandercp,
  reportyear = {1823-1825},
  reportvolume = {1},
  reportseries = {C \& P},
  reportpage = {288},
  crossref = {alexander},
}

@case{alexanderer,
  reportvolume = {171},
  reportseries = {ER},
  reportpage = {1199},
  crossref = {alexander},
  note = {A},
}



%Alexander v Brown [1823] EngR 5; (1823-1825) 1 Car & P 288; 171 E.R. 1199 (A) (1 January 1823)

@book{bishop,
author = {Joel Prentiss Bishop},
title = {The First Book of the Law},
date = {1868},
publisher = {Little, Brown, and Company},
location = {Boston},
keywords = {lawbook},
}


@case{velocity,
  partya = {shipname Velocity},
  icaseyear = {1869},
  shipname = {Velocity},
  keywords = {nobib},
%  options = {skipbib=true},
 }

@case{velocitymnc,
  caseyear = {1869},
  courtname = {EngR},
  casenumber = {53},
  keywords = {nobib},
  crossref = {velocity},
%  related = {velocity},
%  relatedtype = {skipbib},
}


@case{velocitynr,
  reportyear = {1869},
  reportvolume = {6},
  reportseries = {Moo PC NS},
  reportpage = {263},
  crossref = {velocity},
  keywords = {nobib},
%  options = {skipbib=true},
}

@case{velocityer,
%  reportyear = {1869},
  reportvolume = {16},
  reportseries = {ER},
  reportpage = {725},
  crossref = {velocity},
  keywords = {showbib},
}


@case{imvelocity,
  thumbnail = {velocity.png},
  crossref = {velocityer},
%  keywords = {nobib},
  options = {skipbib=true},
}

%The "Velocity" [1869] EngR 53; (1869) 6 Moo PC NS 263; 16 E.R. 725


@case{snail,
  partya = {Donoghue},
  partyb = {Stevenson},
  icaseyear = {1932},
  reportyear={1932},
%  volyearneeded = {true},
  reportseries = {AC},
  reportpage = {562},
  casenickname = {snail in the bottle},
  note = {HL},
  caseyear = {1932},
 }

%Commonwealth v Tasmania ("Tasmanian Dam case") [1983] HCA 21; (1983) 158 CLR 1

@case{tasdam,
  partya = {Commonwealth},
  partyb = {Tasmania},
  icaseyear = {1983},
  casenickname = {Tasmanian Dam},
  }
@case{tasdammnc,
  caseyear = {1983},
  courtname = {HCA},
  casenumber = {2},
  crossref = {tasdam},
  }
@case{tasdamclr,
  reportyear={1983},
%  volyearneeded = {true},
  reportvolume = {158},
  reportseries = {CLR},
  reportpage = {1},
  crossref = {tasdam},
   }
%@case{frame,
%  partya = {Frame},
%  partyb = {Smith},
%  icaseyear = {1987},
%  }
%@case{framescr,
%  reportyear = {1987},
%  volyearneeded = {true},
%  reportvolume = {2},
%  reportseries = {SCR},
%  reportpage = {99},
%  crossref = {frame},
%  }
%@case{framedlr,
%  reportvolume = {42},
%  reportseries = {DLR (4th)},
%  reportpage = {81},
%  crossref = {frame},
%   }

@case{frame,partya = {Frame},partyb = {Smith},icaseyear = {1987},}
@case{framescr,reportyear = {1987},volyearneeded = {true},reportvolume = {2},reportseries = {SCR},reportpage = {99},crossref = {frame},}
@case{framedlr,reportvolume = {42},reportseries = {DLR (4th)},reportpage = {81},crossref = {frame},}
%@case{cole,partya = {R},partyb = {Cole},caseyear = {2012},courtname = {SCC},casenumber = {53}, caseshortname={Cole},pagination={atparagraph},}
@case{cole, partya =  {R}, partyb =  {Cole}, caseshortname =  {Cole}, caseyear =  {2012}, courtname =  {SCC}, casenumber =  {53}, pagination =  {atparagraph}, reportyear =  {2013}, reportvolume =  {3}, volyearneeded =  {true}, reportseries =  {SCR}, reportpage =  {34}, url =  {https://canlii.ca/t/ft969}, linkname =  {CanLII}, mncurl =  {https://decisions.scc-csc.ca/scc-csc/scc-csc/en/item/12615/index.do},     }
@case{examplecase, partya =  {R}, partyb =  {Cole}, caseshortname =  {Cole}, caseyear =  {2012}, courtname =  {SCC}, casenumber =  {53}, pagination =  {atparagraph}, reportyear =  {2013}, reportvolume =  {3}, volyearneeded =  {true}, reportseries =  {SCR}, reportpage =  {34}, url =  {https://canlii.ca/t/ft969}, linkname =  {CanLII}, mncurl =  {https://decisions.scc-csc.ca/scc-csc/scc-csc/en/item/12615/index.do},     }
@case{bigm,partya = {R},partyb = {Big M Drug Mart },}
@case{bigmscr,reportyear = {1985},volyearneeded = {true},reportvolume = {1},reportseries = {SCR},reportpage = {295},crossref = {bigm},}
@case{bigmdlr,reportvolume = {18},reportseries = {DLR (4th)},reportpage = {321},crossref = {bigm},}
@case{keegstra,partya = {Canadian Broadcasting Corporation },partyb = {Keegstra },decisionyear = {1986},}
@case{keegstraar,reportvolume = {77},reportseries = {AR},reportpage = {249},crossref = {keegstra},}
@case{keegstradlr,reportvolume = {35},reportseries = {DLR (4th)},reportpage = {76},crossref = {keegstra},note = {CA},}
@case{robitaille,partya = {Robitaille },partyb = {Vancouver Hockey Club },options = {skipbib=true},}
@case{robitailledlr,reportvolume = {124},reportseries = {DLR (3d)},reportpage = {228},crossref = {robitaille},note = {BCCA},}
@case{robitaillewwr,reportyear = {1981},volyearneeded = {true},reportvolume = {2},reportseries = {WWR},reportpage = {481},options = {skipbib=true},crossref = {robitaille},}
@case{sarg,partya = {Re Sarg Oils Ltd },caseyear = {2011},courtname = {ABERCB },casenumber = {32},}
@case{clarke,partya = {Clarke Institute of Psychiatry },partyb = {Ontario Nurses' Assn (Adusei Grievance) },decisionyear = {2001},reportvolume = {95},reportseries = {LAC (4th)},reportpage = {154},note = {OLRB},}
@case{tulk,partya = {Tulk },partyb = {Moxhay },reportyear = {1848},volyearneeded = {true},reportvolume = {1},reportseries = {H \& Tw},reportpage = {105},}
@case{epa,partya = {Massachusetts },partyb = {Environmental Protection Agency },options = {skipbib=true},}
@case{epaus,reportyear = {2007},reportvolume = {549},reportseries = {US},reportpage = {497},crossref = {epa},}
@case{epasc,reportvolume = {127},reportseries = {S Ct},reportpage = {1438},options = {skipbib=true},crossref = {epa},}
@case{nic,partya = {Case Concerning Military and Paramilitary Activities in and against Nicaragua (Nicaragua v United States of America) },reportyear = {1986},volyearneeded = {true},reportseries = {ICJ Rep No },reportpage = {14},}
@case{cbc,partya = {Alliance of Canadian Cinema Television and Radio Artists },partyb = {Canadian Broadcasting Corporation },decisionyear = {1990},reportvolume = {91},reportseries = {CLLC},reportpage = {16},note = {CLRB},}
@case{vdn,partya = {VDN Cable Inc, on behalf of a corporation to be incorporated, Toronto, Ontario },decisionyear = {January 2005},reportseries = {2005-1, online: CRTC <www.crtc.gc.ca> },reportpage = {[perma.cc/LF5P-5MM3] },}
@case{syncrude,partya = {R},partyb = {Syncrude Canada Ltd },options = {skipbib=true},}
@case{syncrudeabpc,caseyear = {2010},courtname = {ABPC},casenumber = {154},crossref = {syncrude},}
@case{syncrudewl,caseyear = {2010},courtname = {CarswellAlta },casenumber = {981},crossref = {syncrude},options = {skipbib=true},note = {WL Can},}
@case{crete,partya = {R},partyb = {Crete },decisionyear = {18 April 1991},reportseries = {Ottawa},reportpage = {97/03674},note = {Ont Prov Ct },}
@case{iron,partya = {Clearbrook Ironworks Ltd },partyb = {Letourneau },caseyear = {2006},courtname = {FCA},casenumber = {42},}
@case{hopp,partya = {Hopp},partyb = {Lepp},reportyear = {1980},volyearneeded = {true},reportvolume = {2},reportseries = {SCR},reportpage = {192},}
@case{fucella,partya = {Fucella },partyb = {Ricker },decisionyear = {1982},reportvolume = {35},reportseries = {OR (2d)},reportpage = {423},note = {H Ct J},}
@case{swissair,partya = {Swiss Bank Corp},partyb = {Air Canada},decisionyear = {1987},reportyear = {1988},volyearneeded = {true},reportvolume = {1},reportseries = {FC},reportpage = {71},}
@case{graham,partya = {Graham},partyb = {R},options = {skipbib=true},}
@case{grahamwwr,reportyear = {1978},volyearneeded = {true},reportvolume = {6},reportseries = {WWR},reportpage = {48},options = {skipbib=true},crossref = {graham},}
@case{grahamdlr,reportvolume = {90},reportseries = {DLR (3d)},reportpage = {223},crossref = {graham},note = {Sask QB},}
@case{arbia,partya = {Arbia},
partysep = {c},
partyb = {Brousseau},caseyear = {2020},courtname = {QCCA},casenumber = {1073},}
@case{jimenez,partya = {Jimenez },partyb = {Romeo },caseyear = {2009},courtname = {CanLII },casenumber = {68472},note = {ON SC},}
@case{seib,partya = {Seib Estate},caseyear = {2012},courtname = {ABQB},casenumber = {126},}
@case{kristel,partya = {Kristel Homes Ltd},partyb = {Edmonton (City of)},caseyear = {2001},courtname = {ABCA},casenumber = {317},note = {TRANSCRIPT OF ORAL REASONS},}
@case{anderson,partya = {Anderson},partyb = {Fawthrop },caseyear = {2018},courtname = {ABPC},casenumber = {226},}
@case{ludmer,partya = {Ludmer},partyb = {Ludmer},caseyear = {2012},courtname = {ONSC},casenumber = {5738},parallel = {[2012] CarswellOnt 16100},}
@case{sheen,partya = {Sheen},partyb = {Sheen},caseyear = {2003},courtname = {MBCA},casenumber = {93},parallel = {[2003] MJ No 230 (QL)},}
@case{cibc,partya = {CIBC Mortgages Inc},partyb = {Dima Estate},caseyear = {2019},courtname = {NSSC},casenumber = {61},}
@case{litz,partya = {Litz},partyb = {Litz},reportvolume = {180},reportseries = {WAC},reportpage = {116},parallel = {[1998] 10 WWR 145 and 129 Man R (2d) 121},}
@case{naraine,partya = {Naraine},partyb = {The Ford Motor Company},caseyear = {2006},courtname = {HRTO},casenumber = {25},reportvolume = {58},reportseries = {CHRR},reportpage = {87},}
@case{betts,partya = {Betts},partyb = {Norris},reportvolume = {120},reportseries = {NBR (2d)},reportpage = {384},parallel = {302 APR 384 and [1991] CarswellNB 51 and [1991] NBJ No 1036 (QL)},}
@case{walmart,partya = {Saskatoon (City)},partyb = {Wal-Mart Canada Corp},caseyear = {2019},courtname = {SKCA},casenumber = {3},reportyear = {2019},volyearneeded = {true},reportvolume = {3},reportseries = {WWR},reportpage = {284},}
@case{tiesmaki,partya = {Tiesmaki},partyb = {Wilson},decisionyear = {1971},reportvolume = {23},reportseries = {DLR (3d)},reportpage = {179},parallel = {[1972] 2 WWR 214 and [1971] AJ No 145 (QL)},note = {AB SC AppDiv, 1971},}
@case{kybich,partya = {Kybich},partyb = {Mangus},reportyear = {1919},volyearneeded = {true},reportvolume = {3},reportseries = {WWR},reportpage = {532},note = {AB QB, Chambers},}

@case{chevron,partya = {Chevron Corp },partyb = {Yaiguaje },caseyear = {2015},courtname = {SCC},casenumber = {42},reportyear = {2015},reportvolume = {3},volyearneeded = {true},reportseries = {SCR},reportpage = {69},mncurl = {https://www.canlii.org/en/ca/scc/doc/2015/2015scc42/2015scc42.html},pagination = {atparagraph},}
@case{wilson,partya = {Wilson},partyb = {Hull},caseyear = {1995},courtname = {ABCA},casenumber = {374 (CanLII)},reportvolume = {128},reportseries = {DLR (4th)},reportpage = {403},note = {Alta, CA},decisionyear = {1995},pagination = {atparagraph},mncurl = {https://www.canlii.org/en/ab/abca/doc/1995/1995abca374/1995abca374.html},}
@case{acme,partya = {Acme Video Inc },partyb = {Hedges and Retail Technologies (Video) Inc},caseyear = {1992},courtname = {CanLII},casenumber = {7653 (ON SC)},reportvolume = {10},reportseries = {OR (3rd)},reportpage = {503},decisionyear = {1992},mncurl = {https://www.canlii.org/en/on/onsc/doc/1992/1992canlii7653/1992canlii7653.html},}
@case{acmeca,partya = {Acme Video Inc },partyb = {Hedges and Retail Technologies (Video) Inc},caseyear = {1993},courtname = {CanLII},casenumber = {8553 (ON CA)},reportvolume = {12},reportseries = {OR (3rd)},reportpage = {16},note = {Ont CA},mncurl = {https://www.canlii.org/en/on/onca/doc/1993/1993canlii8553/1993canlii8553.html},}
@case{moore,partya = {Moore},partyb = {Mercator Enterprises Ltd},caseyear = {1978},courtname = {CanLII},casenumber = {2139 (NS SC)},reportvolume = {90},reportseries = {DLR (3rd)},reportpage = {590},note = {NSTD},decisionyear = {1978},parallel = {31 NSR (2d) 327 and 7 CPC 150},mncurl = {https://www.canlii.org/en/ns/nssc/doc/1978/1978canlii2139/1978canlii2139.html},}
@case{aero,partya = {Re Aero Trades Western Ltd and Ben Hochum \& Son Ltd},reportvolume = {51},reportseries = {DLR (3rd)},reportpage = {617},decisionyear = {1974},parallel = {[1975] 4 WWR 412},}
@case{tdi,partya = {TDI Hospitality Management Consultants Inc},partyb = {Browne},caseyear = {1994},courtname = {CanLII},casenumber = {10958 (MB CA)},reportvolume = {117},reportseries = {DLR (4th)},reportpage = {289},note = {Man CA},caseshortname = {TDI},parallel = {[1994] 9 WWR 153 and 70 WAC 302 and 95 Man R (2d) 302 and 28 CPC (3d) 232 and [1994] MJ No 448 (QL) and 50 ACWS (3d) 206},mncurl = {https://www.canlii.org/en/mb/mbca/doc/1994/1994canlii10958/1994canlii10958.html},pagination = {atparagraph},}
@case{morguard,partya = {Morguard Investments Ltd},partyb = {Be Savoye},caseyear = {1990},courtname = {CanLII},casenumber = {29 (SCC)},reportyear = {1990},reportvolume = {3},volyearneeded = {true},reportseries = {SCR},reportpage = {1077},decisionyear = {1990},parallel = {76 DLR (4th) 256 and 46 CPC (2d) 1},mncurl = {https://www.canlii.org/en/ca/scc/doc/1990/1990canlii29/1990canlii29.html},}
@case{whatcott,partya = {Saskatchewan (Human Rights Commission)},partyb = {Whatcott},caseyear = {2013},courtname = {SCC},casenumber = {11},reportyear = {2013},reportvolume = {1},volyearneeded = {true},reportseries = {SCR},reportpage = {467},mncurl = {https://www.canlii.org/en/ca/scc/doc/2013/2013scc11/2013scc11.html},}
@case{bombadier,partya = {Quebec (Commission des droits de la personne et des droits de la jeunesse)},partyb = {Bombardier Inc. (Bombardier Aerospace Training Center)},caseyear = {2015},courtname = {SCC},casenumber = {39},reportyear = {2015},reportvolume = {2},volyearneeded = {true},reportseries = {SCR},reportpage = {789},mncurl = {https://www.canlii.org/en/ca/scc/doc/2015/2015scc39/2015scc39.html},}
@case{calego,partya = {Calego International inc},partyb = {Commission des droits de la personne et des droits de la jeunesse},partysep = {c},caseyear = {2013},courtname = {QCCA},casenumber = {924},reportyear = {2013},volyearneeded = {true},reportseries = {RJDT},reportpage = {517},pagination = {atparagraph},mncurl = {https://www.canlii.org/fr/qc/qcca/doc/2013/2013qcca924/2013qcca924.html},}
@case{fraser,partya = {Fraser},partyb = {Canada (Commission des relations de travail dans la fonction publique)},partysep = {c},caseyear = {1985},courtname = {CanLII},casenumber = {14 (CSC)},reportyear = {1985},reportvolume = {2},volyearneeded = {true},reportseries = {RCS},reportpage = {455},mncurl = {https://www.canlii.org/fr/ca/csc/doc/1985/1985canlii14/1985canlii14.html},pagination = {atparagraph},}
@case{mcauliffe,partya = {McAuliffe},partyb = {Mayor and Board of Aldermen of New Bedford},reportvolume = {29},reportseries = {NE},reportpage = {517},note = {1892},}
@case{pszon,partya = {Re Pszon},caseyear = {1946},courtname = {CanLII},casenumber = {107 (ON CA)},reportyear = {1946},volyearneeded = {true},reportseries = {OR},reportpage = {229},parallel = {[1946] 2 DLR 507 and 27 CBR 130},mncurl = {https://www.canlii.org/en/on/onca/doc/1946/1946canlii107/1946canlii107.html},}
@case{wismer,partya = {Re Wismer and Javelin International Ltd},caseyear = {1982},courtname = {CanLII},casenumber = {3132 (ON SC)},reportvolume = {136},reportseries = {DLR (3rd)},reportpage = {647},note = {Ont HC},decisionyear = {1982},mncurl = {https://www.canlii.org/en/on/onsc/doc/1982/1982canlii3132/1982canlii3132.html},}
@case{mulroney,partya = {Re Mulroney and Coates},caseyear = {1986},courtname = {CanLII},casenumber = {2613 (ON SC)},reportvolume = {27},reportseries = {DLR (4th)},reportpage = {118},note = {Ont HC},decisionyear = {1986},mncurl = {https://www.canlii.org/en/on/onsc/doc/1986/1986canlii2613/1986canlii2613.html},}
@case{toucheross,partya = {Touche Ross Ltd},partyb = {Sorrel Resources Ltd},caseyear = {1987},courtname = {CanLII},casenumber = {2693 (BC SC)},reportvolume = {11},reportseries = {BCLR (2nd)},reportpage = {184},note = {SC},decisionyear = {1987},mncurl = {https://www.canlii.org/en/bc/bcsc/doc/1987/1987canlii2693/1987canlii2693.html},}
@case{roglass,partya = {Roglass Consultants Inc},partyb = {Kennedy, Lock},caseyear = {1984},courtname = {CanLII},casenumber = {421 (BC CA)},reportvolume = {65},reportseries = {BCLR},reportpage = {393},note = {CA},decisionyear = {1984},mncurl = {https://www.canlii.org/en/bc/bcca/doc/1984/1984canlii421/1984canlii421.html},}
@case{equitycary,reportseries = {Cary},reportpage = {11},crossref = {equity},options = {skipbib=true},}
@case{equityer,reportvolume = {21},reportseries = {ER},reportpage = {6},note = {B},crossref = {equity},}
@case{equity,partya = {Anonymous},decisionyear = {1492},thumbnail = {equity.png},options = {skipbib=true},}
@case{ashnr,partya = {Ann Ash},partyb = {Lady Ash},reportseries = {Comb},reportpage = {357},decisionyear = {1724},options = {skipbib=true},}
@case{asher,partya = {Ann Ash},partyb = {Lady Ash},reportvolume = {90},reportseries = {ER},reportpage = {526},note = {B},decisionyear = {1724},}
@case{salter,partya = {Salter and Bellamy},decisionyear = {1724},options = {skipbib=true},}
@case{salternr,reportseries = {Comb},reportpage = {5},crossref = {salter},options = {skipbib=true},}
@case{salterer,reportvolume = {90},reportseries = {ER},reportpage = {309},note = {B},crossref = {salter},}







%Dow Jones and Company Inc v Gutnick [2002] HCA 56; 210 CLR 575; 194 ALR 433; 77 ALJR 255 (10 December 2002)

@case{gutnick,
  partya = {Dow Jones and Company Inc},
  partyb = {Gutnick},
  icaseyear = {2002},
  }
@case{gutnickmnc,
  caseyear = {2002},
  courtname = {HCA},
  casenumber = {56},
  crossref = {gutnick},
  }
@case{gutnickclr,
%  reportyear={1983},
%  volyearneeded = {true},
  reportvolume = {210},
  reportseries = {CLR},
  reportpage = {575},
  crossref = {gutnick},
   }
@case{gutnickalr,
%  reportyear={1983},
%  volyearneeded = {true},
  reportvolume = {194},
  reportseries = {ALR},
  reportpage = {433},
  crossref = {gutnick},
   }
@case{gutnickaljr,
%  reportyear={1983},
%  volyearneeded = {true},
  reportvolume = {77},
  reportseries = {ALJR},
  reportpage = {255},
  crossref = {gutnick},
   }




%Kerr v Baranow, 2011 SCC 10, [2011] 1 SCR 269

@case{kerr,
  partya = {Kerr},
  partyb = {Baranow},
  icaseyear = {2011},
  }
@case{kerrmnc,
  caseyear = {2011},
  courtname = {SCC},
  casenumber = {10},
  crossref = {kerr},
  }
@case{kerrscr,
  reportyear={2011},
  volyearneeded = {true},
  reportvolume = {1},
  reportseries = {SCR},
  reportpage = {269},
  crossref = {kerr},
   }



%McLean v Pilon (1978), 7 BCLR 99, 1978 CanLII 237 (SC).


@case{mclean,
  partya = {McLean},
  partyb = {Pilon},
  icaseyear = {1978},
  decisionyear = {1978},
  note = {SC},
  options={skipbib=true},
  }
@case{mcleanlii,
  caseyear = {1978},
  courtname = {CanLII},
  casenumber = {237},
  crossref = {mclean},
  options={skipbib=true},
  }
@case{mcleanbclr,
%  reportyear={2011},
%  volyearneeded = {true},
  reportvolume = {7},
  reportseries = {BCLR},
  reportpage = {99},
  crossref = {mclean},
   }







%Smyth, Russell --- "What do Intermediate Appellate Courts Cite? A Quantitative Study of the Citation Practice of Australian State Supreme Courts" [1999] AdelLawRw 3; (1999) 21 Adelaide Law Review 51

@ljarticle{smythsc,
author = {Russell Smyth},
title = {What do Intermediate Appellate Courts Cite? A Quantitative Study of the Citation Practice of Australian State Supreme Courts},
mncyear = {1999},
mncname = {AdelLawRw},
mncnumber = {3},
date = {1999},
volume = {21},
journaltitle = {Adelaide Law Review},
pages = {51},
%keywords = {lj},
}

@ljarticle{renaud,author = {Matthew Renaud},subtitle = {The Development of Legal Education in the Province of Manitoba, 1877–1968},title = {From Reading Courses to Robson Hall},mncyear = {2019},mncname = {CanLIIDocs},mncnumber = {4192},date = {2019},volume = {42},journaltitle = {Manitoba Law Journal},pages = {286},}

@ljarticle{adams,author = {Eric M Adams},title = {Canadian Constitutional Identities},date = {2015},volume = {38},journaltitle = {Dalhousie Law Journal},pages = {311},}

%@ljarticle{otis,author = {Ghislain Otis},subtitle = {le cas de l’industrie extractive},title = {Les droits ancestraux des peuples autochtones au carrefour du droit public et du droit privé},mncyear = {2019},mncname = {CanLIIDocs},mncnumber = {4154},date = {2019},volume = {60},journaltitle = {Les Cahiers de droit},pages = {451},}

@ljarticle{jukier,author = {Rosalie Jukier},subtitle = {A Judicial Dialogue Between Common Law Canada and Québec},title = {Good Faith in Contract},mncyear = {2019},mncname = {CanLIIDocs},mncnumber = {1767},date = {2019},volume = {1},journaltitle = {Journal of Commonwealth Law},pages = {1},}

%=================== law journal articles


@ljarticle{ljart3,
options={year-required=true,},
author={given=qqq, family=rrr},
title ={A Third Legal Article yr req},
journaltitle={MNOLR},
date={2016},
volume={1},
pages={458},
}

@book{b2035,title ={Chitty on Contracts},edition ={26},publisher ={Sweet and Maxwell},date ={1989},}
@book{b2036,title ={Clerk and Lindsell on Torts},edition ={16},publisher ={Sweet and Maxwell},date ={1989},}

@periodical{j76,journaltitle={Modern Law Review},volume={54},number={1},month={1},date={1991},}

%b2035,
@article{a104,
author={Ewan McKendrick},
related={b2035,b2036},
relatedtype={reviewof},
crossref={j76},
pages={162},
keywords={otl, lj},
}


%Lawrence Friedman, Robert Kagan, Bliss Cartwright and Stanton
%Wheeler, 'State Supreme Courts: A Century of Style and Citation' (1981) 33 Stanford Law
%Review 773 (covering 16 state supreme courts in the period 1870-1970).


@ljarticle{friedman,
author = {Lawrence Friedman and Robert Kagan and Bliss Cartwright and Stanton Wheeler},
title = {State Supreme Courts},
subtitle = {A Century of Style and Citation},
%mncyear = {1999},
%mncname = {AdelLawRw},
%mncnumber = {3},
date = {1981},
volume = {33},
journaltitle = {Stanford Law Review},
pages = {773},
%---
%reportyear = {1981},
%repotrvolume = {33},
%reportname = {Stanford Law Review},
%reportpage = {773},
note = {covering 16 state supreme courts in the period 1870-1970},
keywords = {lj},
}



%%@book{butt,
%%crossref={buttb},
%%%author = {Peter Butt},
%%%title={Legal Usage},
%%%subtitle={A Modern Style Guide},
%%%date={2018},
%%%publisher={LexisNexis Butterworths},
%%}

@book{buttb,author = {Peter Butt},title = {Legal Usage},subtitle = {A Modern Style Guide},date = {2018},publisher = {LexisNexis Butterworths},location = {Australia},isbn = {9780409341461},jurisdiction = {Australia},}

@book{addison,author = {C G Addison},title = {The Law of Torts},edition = {2},date = {1872},publisher = {Little, Brown, and Company},location = {Boston},shorttitle = {Torts},note = {Abridgement},keywords = {lawbook},}


@statute{crimnsw,
statutetitle = {Crimes Act},
%statutelongtitle = {},
%statuteshorttitle = {},
%statutenickname = {},
%statutevolume = {},
statutejurisdiction = {NSW},
%statuteregnalyear = {},
%statutechapter = {},
%statuteyear = {},%for the volume
statutetitleyear = {1900},%for the title
}

%Criminal Code, RSC 1985, c C-46, s 515

@statute{crimcan,
statutetitle = {Criminal Code},
%statutelongtitle = {},
%statuteshorttitle = {},
%statutenickname = {},
%statutevolume = {},
%statutejurisdiction = {NSW},
%statuteregnalyear = {},
%statutechapter = {},
%statuteyear = {},%for the volume
statutetitleyear = {RSC 1985, c C-46},%for the title
}


@statute{canreg,
statutetitle = {Maple Products Regulations},
%statutelongtitle = {},
statuteshorttitle = {CRC},
%statutenickname = {},
%statutevolume = {},
%statutejurisdiction = {NSW},
%statuteregnalyear = {},
statutechapter = {289},
%statuteyear = {},%for the volume
%statutetitleyear = {RSC 1985},%for the title
}

@statute{testregs,
statutetitle = {Test Regs},
statutetitleyear = {2020},%for the title
keywords = {regulations},
statutejurisdiction = {NSW},
}




@statute{crimcodecan,
citeref = {canleg},
title = {Criminal Code},
svjy = {RSC 1985},
chapter = {C-46},
}


@statute{oescheats,
citeref = {canleg},
title = {Escheats Act},
svjy = {RSO 1980},
chapter = {142},
}

@statute{canleg,
citeref = {canleg},
title = {Copyright Act},
chapter = {C-42},
svjy = {RSC 1985},
%year = {xxx},
%regnum = {xxx},
}

@statute{canregcrc,
citeref = {crcreg},
title = {Maple Products Regulations},
chapter = {289},
%year = {xxx},
%regnum = {xxx},
}


@statute{canregsor,
citeref = {sorreg},
title = {Regulations Amending the Food and Drug Regulations},
%chapter = {xxx},
year = {98},
regnum = {580},
}

@statute{canregalta,citeref = {altareg},year = {2009},regnum = {62},sorttitle = {altareg200962},}
@statute{canregbc,citeref = {bcreg},year = {2008},regnum = {278},sorttitle = {bcreg2008278},}
@statute{canregman,citeref = {manreg},year = {87},regnum = {351},sorttitle = {manreg87351},}
@statute{canregnb,citeref = {nbreg},year = {2006},regnum = {23},sorttitle = {nbreg200623},}
@statute{canregnfld,citeref = {nfldreg},year = {97},regnum = {19},sorttitle = {nfldreg9719},}
@statute{canregnlr,citeref = {nlrreg},year = {9},regnum = {4},sorttitle = {nlrreg94},}
@statute{canregnwt,citeref = {nwtreg},year = {2008},regnum = {26},sorttitle = {nwtreg200826},}
@statute{canregns,citeref = {nsreg},year = {2007},regnum = {235},sorttitle = {nsreg2007235},}
@statute{canregnu,citeref = {nureg},year = {40},regnum = {99},sorttitle = {nureg4099},}
@statute{canrego,citeref = {oreg},year = {8},regnum = {361},sorttitle = {oreg8361},}
@statute{canregpei,citeref = {peireg},year = {2002},regnum = {249},sorttitle = {peireg2002249},}
@statute{canregoc,citeref = {ocreg},year = {97},regnum = {764},fulldate = {25 June 1997},gazette = { 1997.II.2737},sorttitle = {ocreg97764},}
@statute{canregsask,citeref = {saskreg},year = {67},regnum = {444},sorttitle = {saskreg67444},}
@statute{canregyoic,citeref = {yoicreg},year = {1995},regnum = {87},sorttitle = {yoicreg199587},}


@statute{fla,citeref = {canleg},title = {Family Law Act },svjy = {SA 2003 },chapter = {F-4.5 },}
@statute{tla,citeref = {canleg},title = {Territorial Lands Act },svjy = {RSC 1985 },chapter = {T-7 },}
@statute{fair,citeref = {canleg},title = {Fair Trading Act },svjy = {RSA 2000 },chapter = {F-2 },}
@statute{bears,citeref = {sorreg},title = {Polar Bear Pass Withdrawal Order },year = {84},regnum = {409},}
@statute{birds,citeref = {crcreg},title = {Migratory Birds Regulations },chapter = {1035},}
@statute{forests,citeref = {altareg},title = {Alberta Forest Land Use and Management Regulations },year = {1976},regnum = {197},}
@statute{prop,statutetitle = {Law of Property Act },statutetitleyear = {1969},statutejurisdiction = {UK},}

@statute{water,statutetitle = {Safe Drinking Water Act },statutetitleyear = {42 USC §300f },note = {1974},}

@statute{anyregverb,citeref = {verbreg},regnum = {Road Rules 2008 -- \textcolor{red}{\textbf{Reg 15}} What is a vehicle (New South Wales)},sorttitle = {Road Rules 2008},}

@book{candl,
author={A B C Clerk and X Y Z Lindsell},
shorttitle={Torts},
options={skipbib=true,},
}

