%-----
@article{demo1case1,
title = {Demo1; Case Title},
number = {Case Reference},
keywords={legal,case,Demo1},
}

@article{demo1stat1,
title = {Demo1: Building and Construction Industry Security of Payment Act 1999},
location = {NSW},
keywords={legal,statute,Demo1},
}

@article{demo1stat2,
title = {Demo1: Home Building Act 1989},
location = {NSW},
keywords={legal,statute,Demo1},
}



%-----
@jurisdiction{demo2case1,
title = {Demo2: Case Title},
number = {Case Reference},
keywords={legal,case,Demo2},
}

@jurisdiction{demo2stat1,
title = {Demo2: Building and Construction Industry Security of Payment Act 1999},
location = {NSW},
keywords={legal,statute,Demo2},
}

@jurisdiction{demo2stat2,
title = {Demo2: Home Building Act 1989},
location = {NSW},
keywords={legal,statute,Demo2},
}


