
@case{keyabc,
  partya = {ABC},
  partyb = {XYZ*},
  caseyear = {2016},
  reportyear={2020},
  reportvolume = {3},
  volyearneeded = {true},
  reportseries = {WLR},
  reportpage = {123},
  courtname = {XYZCA},
  casenumber = {456},
 }

@case{case2,
  partya = {DDA},
  partyb = {MNO*},
  caseyear = {2019},
%  reportvolume = {3},
%  volyearneeded = {true},
%  reportseries = {WLR},
%  reportpage = {123},
  courtname = {HACCA},
  casenumber = {14},
 }
@case{case3,
  partya = {Efg},
  partyb = {Hij*},
  caseyear = {2018},
%  reportvolume = {3},
%  volyearneeded = {true},
%  reportseries = {WLR},
%  reportpage = {123},
  courtname = {VFC},
  casenumber = {1},
 }
@case{case4,
  partya = {Klm},
  partyb = {Nop*},
  caseyear = {2015},
  reportyear={2016},
  reportvolume = {2},
  volyearneeded = {true},
  reportseries = {WLR},
  reportpage = {25},
  courtname = {MBC},
  casenumber = {21},
 }
@case{case5,
  partya = {No MNC A},
  partyb = {No MNC B*},
  reportyear={1757},
  reportvolume = {1},
%  volyearneeded = {true},
  reportseries = {Co},
  reportpage = {25},
 }
@book{book1,
 title={A Title*},
 author={B Auctoritas},
 year={1828},
 publisher={Holmes and Sons},
 }



@case{becher,
  partya = {City of Columbus},
  partyb = {Becher},
%  reportyear={},
  reportvolume = {180},
%  volyearneeded = {true},
  reportseries = {NE 2d},
  reportpage = {836},
  year = {1962},
  note = {Ohio, Zimmerman J},
 }


@case{cassie,
  partya = {Cassie},
  partyb = {Koumans},
  caseshortname = {Cassie},
  caseyear = {2007},
%   reportyear={2016},
%   reportvolume = {2},
%   volyearneeded = {true},
%   reportseries = {WLR},
%   reportpage = {25},
  courtname = {NSWSC},
  casenumber = {481},
 }


@case{becker,
  partya = {City of Marion},
  partyb = {Becker},
  caseshortname = {Becker},
%  caseyear = {2007},
  reportyear={1973},
  reportvolume = {6},
%  volyearneeded = {},
  reportseries = {SASR},
  reportpage = {13},
%  courtname = {NSWSC},
%  casenumber = {481},
 }

%R v Morgan [1970] 3 All ER 1053
@case{rmorgan,
  partya = {R},
  partyb = {Morgan},
  caseshortname = {Morgan},
  reportyear={1970},
  reportvolume = {3},
  volyearneeded = {true},
  reportseries = {All ER},
  reportpage = {1053},
 }


@book{eco,
author={Umberto Eco},
title={Come si fa una tesi di laurea},
subtitle={Le materie umanistiche},
title+an = {How to write a Thesis for an Arts Degree},
publisher={Bompiani},
date={2004},
origdate={1977},
edition={15},
options={skipbib=true},
%isbn={9788845246310},
}

@book{anncrimnsw,
author={Roderick N Howie and Peter A Johnson},
title={Annotated Criminal Legislation New South Wales},
publisher={LexisNexis Butterworths},
date={2015},
edition={2014-2015},
}

@case{columbus,
  partya = {City of Columbus},
  partyashortname = {Columbus},
  partyb = {Becher},
  caseshortname = {Becher},
  icaseyear = {1962},
  jurisdiction = {Ohio},
  courtfullname = {Supreme Court of Ohio},
  note = {Ohio SC, 1962},
 }
@case{columbussr,
  reportvolume = {173},
  reportseries = {Ohio St},
  reportpage = {197},
  crossref = {columbus},
}

@case{columbusne,
  reportvolume = {180},
  reportseries = {NE 2d},
  reportseriesseries = {2d},
  reportpage = {836},
  crossref = {columbus},
}
%%%%%%%%%%%%%

@xdata{xcolumbus,
  partya = {xCity of Columbus},
  partyashortname = {Columbus},
  partyb = {Becher},
  year = {1962},
  jurisdiction = {Ohio},
  courtfullname = {Supreme Court of Ohio},
  note = {Ohio SC, 1962},
 }
 
@case{xcolumbussr,
  reportvolume = {173},
  reportseries = {Ohio St},
  reportpage = {197},
  xdata = {xcolumbus},
}

@case{xcolumbusne,
  reportvolume = {180},
  reportseries = {NE 2d},
  reportseriesseries = {2d},
  reportpage = {836},
  xdata = {xcolumbus},
}


%%%%%%%%%%%%%
@case{thomas,
  partya = {Thomas},
  partyb = {Newton*},
  icaseyear = {1827},
 }

@case{thomascar,
  reportyear = {1827},
  reportvolume = {2},
  reportseries = {Car \& P},
  reportpage = {606},
  crossref = {thomas},
}

@case{thomaser,
  reportvolume = {?},
  reportseries = {ER},
  reportpage = {276},
  crossref = {thomas},
}

@case{thomasermnc,
  caseyear = {1827},
  courtname = {EngRep},
  casenumber = {503},
  crossref = {thomas},
}


@case{gitlow,
  partya = {Gitlow},
  partyb = {New York},%People of New York
  partyashortname = {New York},
  caseshortname = {Gitlow},
  icaseyear = {1925},
  note = {1925},
 }


@case{gitlowus,
  reportvolume = {268},
  reportseries = {US},
  reportpage = {652},
  crossref = {gitlow},
}


@case{gitlowsc,
  reportvolume = {45},
  reportseries = {SCt},
  reportpage = {625},
  crossref = {gitlow},
}

@case{armstrong,
  partya = {Adam Armstrong's Case},
  icaseyear = {1823},
  caseshortname = {Armstrong},
 }

@case{armstrongmnc,
  caseyear = {1823},
  courtname = {EngR},
  casenumber = {1},
  crossref = {armstrong},
}


@case{armstronglewin,
  reportyear = {1823},
  reportvolume = {1},
  reportseries = {Lewin},
  reportpage = {245},
  crossref = {armstrong},
}

@case{armstronger,
  reportvolume = {168},
  reportseries = {ER},
  reportpage = {1028},
  crossref = {armstrong},
}


%Adam Armstrong's Case [1823] EngR 1; (1823) 1 Lewin 245; 168 E.R. 1028 (1 January 1823)


@case{alexander,
  partya = {Alexander},
  partyb = {Brown},
  icaseyear = {1823},
  caseshortname = {Alexander},
 }

@case{alexandermnc,
  caseyear = {1823},
  courtname = {EngR},
  casenumber = {5},
  crossref = {alexander},
}


@case{alexandercp,
  reportyear = {1823-1825},
  reportvolume = {1},
  reportseries = {C \& P},
  reportpage = {288},
  crossref = {alexander},
}

@case{alexanderer,
  reportvolume = {171},
  reportseries = {ER},
  reportpage = {1199},
  crossref = {alexander},
  note = {A},
}



%Alexander v Brown [1823] EngR 5; (1823-1825) 1 Car & P 288; 171 E.R. 1199 (A) (1 January 1823)

@book{bishop,
author = {Joel Prentiss Bishop},
title = {The First Book of the Law},
date = {1868},
publisher = {Little, Brown, and Company},
location = {Boston},
}


@case{velocity,
  partya = {shipname Velocity},
  icaseyear = {1869},
  shipname = {Velocity},
 }

@case{velocitymnc,
  caseyear = {1869},
  courtname = {EngR},
  casenumber = {53},
  crossref = {velocity},
}


@case{velocitynr,
  reportyear = {1869},
  reportvolume = {6},
  reportseries = {Moo PC NS},
  reportpage = {263},
  crossref = {velocity},
}

@case{velocityer,
  reportvolume = {16},
  reportseries = {ER},
  reportpage = {725},
  crossref = {velocity},
}



%The "Velocity" [1869] EngR 53; (1869) 6 Moo PC NS 263; 16 E.R. 725


@case{snail,
  partya = {Donoghue},
  partyb = {Stevenson},
  icaseyear = {1932},
  reportyear={1932},
%  volyearneeded = {true},
  reportseries = {AC},
  reportpage = {562},
  casenickname = {snail in the bottle},
  note = {HL},
 }

%Commonwealth v Tasmania ("Tasmanian Dam case") [1983] HCA 21; (1983) 158 CLR 1

@case{tasdam,
  partya = {Commonwealth},
  partyb = {Tasmania},
  icaseyear = {1983},
  casenickname = {Tasmanian Dam},
  }
@case{tasdammnc,
  caseyear = {1983},
  courtname = {HCA},
  casenumber = {2},
  crossref = {tasdam},
  }
@case{tasdamclr,
  reportyear={1983},
%  volyearneeded = {true},
  reportvolume = {158},
  reportseries = {CLR},
  reportpage = {1},
  crossref = {tasdam},
   }
@case{frame,
  partya = {Frame},
  partyb = {Smith},
  icaseyear = {1987},
  }
@case{framescr,
  reportyear = {1987},
  volyearneeded = {true},
  reportvolume = {2},
  reportseries = {SCR},
  reportpage = {99},
  crossref = {frame},
  }
@case{framedlr,
  reportvolume = {42},
  reportseries = {DLR (4th)},
  reportpage = {81},
  crossref = {frame},
   }








%Dow Jones and Company Inc v Gutnick [2002] HCA 56; 210 CLR 575; 194 ALR 433; 77 ALJR 255 (10 December 2002)

@case{gutnick,
  partya = {Dow Jones and Company Inc},
  partyb = {Gutnick},
  icaseyear = {2002},
  }
@case{gutnickmnc,
  caseyear = {2002},
  courtname = {HCA},
  casenumber = {56},
  crossref = {gutnick},
  }
@case{gutnickclr,
%  reportyear={1983},
%  volyearneeded = {true},
  reportvolume = {210},
  reportseries = {CLR},
  reportpage = {575},
  crossref = {gutnick},
   }
@case{gutnickalr,
%  reportyear={1983},
%  volyearneeded = {true},
  reportvolume = {194},
  reportseries = {ALR},
  reportpage = {433},
  crossref = {gutnick},
   }
@case{gutnickaljr,
%  reportyear={1983},
%  volyearneeded = {true},
  reportvolume = {77},
  reportseries = {ALJR},
  reportpage = {255},
  crossref = {gutnick},
   }




%Kerr v Baranow, 2011 SCC 10, [2011] 1 SCR 269

@case{kerr,
  partya = {Kerr},
  partyb = {Baranow},
  icaseyear = {2011},
  }
@case{kerrmnc,
  caseyear = {2011},
  courtname = {SCC},
  casenumber = {10},
  crossref = {kerr},
  }
@case{kerrscr,
  reportyear={2011},
  volyearneeded = {true},
  reportvolume = {1},
  reportseries = {SCR},
  reportpage = {269},
  crossref = {kerr},
   }



%McLean v Pilon (1978), 7 BCLR 99, 1978 CanLII 237 (SC).


@case{mclean,
  partya = {McLean},
  partyb = {Pilon},
  icaseyear = {1978},
  decisionyear = {1978},
  note = {SC},
  }
@case{mcleanlii,
  caseyear = {1978},
  courtname = {CanLII},
  casenumber = {237},
  crossref = {mclean},
  }
@case{mcleanbclr,
%  reportyear={2011},
%  volyearneeded = {true},
  reportvolume = {7},
  reportseries = {BCLR},
  reportpage = {99},
  crossref = {mclean},
   }








%Smyth, Russell --- "What do Intermediate Appellate Courts Cite? A Quantitative Study of the Citation Practice of Australian State Supreme Courts" [1999] AdelLawRw 3; (1999) 21 Adelaide Law Review 51

@article{smythsc,
author = {Russell Smyth},
title = {What do Intermediate Appellate Courts Cite? A Quantitative Study of the Citation Practice of Australian State Supreme Courts},
mncyear = {1999},
mncname = {AdelLawRw},
mncnumber = {3},
date = {1999},
volume = {21},
journaltitle = {Adelaide Law Review},
pages = {51},
keywords = {lj},
}



%=================== law journal articles


@ljarticle{ljart3,
options={year-required=true,},
author={given=qqq, family=rrr},
title ={A Third Legal Article yr req},
journaltitle={MNOLR},
date={2016},
volume={1},
pages={458},
}

@book{b2035,title ={Chitty on Contracts},edition ={26},publisher ={Sweet and Maxwell},date ={1989},}
@book{b2036,title ={Clerk and Lindsell on Torts},edition ={16},publisher ={Sweet and Maxwell},date ={1989},}

@periodical{j76,journaltitle={Modern Law Review},volume={54},number={1},month={1},date={1991},}

%b2035,
@article{a104,
author={Ewan McKendrick},
related={b2035,b2036},
relatedtype={reviewof},
crossref={j76},
pages={162},
keywords={otl, lj},
}


%Lawrence Friedman, Robert Kagan, Bliss Cartwright and Stanton
%Wheeler, 'State Supreme Courts: A Century of Style and Citation' (1981) 33 Stanford Law
%Review 773 (covering 16 state supreme courts in the period 1870-1970).


@article{friedman,
author = {Lawrence Friedman and Robert Kagan and Bliss Cartwright and Stanton Wheeler},
title = {State Supreme Courts},
subtitle = {A Century of Style and Citation},
%mncyear = {1999},
%mncname = {AdelLawRw},
%mncnumber = {3},
date = {1981},
volume = {33},
journaltitle = {Stanford Law Review},
pages = {773},
%---
%reportyear = {1981},
%repotrvolume = {33},
%reportname = {Stanford Law Review},
%reportpage = {773},
note = {covering 16 state supreme courts in the period 1870-1970},
keywords = {lj},
}



@book{butt,
author = {Peter Butt},
title={Legal Usage},
subtitle={A Modern Style Guide},
date={2018},
publisher={LexisNexis Butterworths},
}


@statute{crimnsw,
statutetitle = {Crimes Act},
%statutelongtitle = {},
%statuteshorttitle = {},
%statutenickname = {},
%statutevolume = {},
statutejurisdiction = {NSW},
%statuteregnalyear = {},
%statutechapter = {},
%statuteyear = {},%for the volume
statutetitleyear = {1900},%for the title
}

%Criminal Code, RSC 1985, c C-46, s 515

@statute{crimcan,
statutetitle = {Criminal Code},
%statutelongtitle = {},
%statuteshorttitle = {},
%statutenickname = {},
%statutevolume = {},
%statutejurisdiction = {NSW},
%statuteregnalyear = {},
%statutechapter = {},
%statuteyear = {},%for the volume
statutetitleyear = {RSC 1985, c C-46},%for the title
}


@statute{canreg,
statutetitle = {Maple Products Regulations},
%statutelongtitle = {},
statuteshorttitle = {CRC},
%statutenickname = {},
%statutevolume = {},
%statutejurisdiction = {NSW},
%statuteregnalyear = {},
statutechapter = {289},
%statuteyear = {},%for the volume
%statutetitleyear = {RSC 1985},%for the title
}

@statute{testregs,
statutetitle = {Test Regs},
statutetitleyear = {2020},%for the title
keywords = {regulations},
statutejurisdiction = {NSW},
}




@statute{crimcodecan,
citeref = {canleg},
title = {Criminal Code},
svjy = {RSC 1985},
chapter = {C-46},
}


@statute{oescheats,
citeref = {canleg},
title = {Escheats Act},
svjy = {RSO 1980},
chapter = {142},
}

@statute{canleg,
citeref = {canleg},
title = {Copyright Act},
chapter = {C-42},
svjy = {RSC 1985},
%year = {xxx},
%regnum = {xxx},
}

@statute{canregcrc,
citeref = {crcreg},
title = {Maple Products Regulations},
chapter = {289},
%year = {xxx},
%regnum = {xxx},
}


@statute{canregsor,
citeref = {sorreg},
title = {Regulations Amending the Food and Drug Regulations},
%chapter = {xxx},
year = {98},
regnum = {580},
}

@statute{canregalta,
citeref = {altareg},
%title = {xxx},
%chapter = {xxx},
year = {2009},
regnum = {62},
}

@statute{canregbc,
citeref = {bcreg},
%title = {xxx},
%chapter = {xxx},
year = {2008},
regnum = {278},
}

@statute{canregman,
citeref = {manreg},
%title = {xxx},
%chapter = {xxx},
year = {87},
regnum = {351},
}
@statute{canregnb,
citeref = {nbreg},
%title = {xxx},
%chapter = {xxx},
year = {2006},
regnum = {23},
}
@statute{canregnfld,
citeref = {nfldreg},
%title = {xxx},
%chapter = {xxx},
year = {97},
regnum = {19},
}
@statute{canregnlr,
citeref = {nlrreg},
%title = {xxx},
%chapter = {xxx},
year = {09},
regnum = {4},
}
@statute{canregnwt,
citeref = {nwtreg},
%title = {xxx},
%chapter = {xxx},
year = {2008},
regnum = {26},
}
@statute{canregns,
citeref = {nsreg},
%title = {xxx},
%chapter = {xxx},
year = {2007},
regnum = {235},
}
@statute{canregnu,
citeref = {nureg},
%title = {xxx},
%chapter = {xxx},
year = {040},
regnum = {99},
}
@statute{canrego,
citeref = {oreg},
%title = {xxx},
%chapter = {xxx},
year = {08},
regnum = {361},
}
@statute{canregpei,
citeref = {peireg},
%title = {xxx},
%chapter = {xxx},
year = {2002},
regnum = {249},
}

@statute{canregoc,
citeref = {ocreg},
%title = {xxx},
%chapter = {xxx},
year = {97},
regnum = {764},
fulldate = {25 June 1997},
gazette = {1997.II.2737},
}

@statute{canregsask,
citeref = {saskreg},
%title = {xxx},
%chapter = {xxx},
year = {67},
regnum = {444},
}

@statute{canregyoic,
citeref = {yoicreg},
%title = {xxx},
%chapter = {xxx},
year = {1995},
regnum = {87},
}

